% Medical and Injury Studies
@article{ota2023statistical,
  title={Statistical injury prediction for professional sumo wrestlers: Modeling and perspectives},
  author={Ota, Yoshitaka and others},
  journal={PLOS ONE},
  volume={18},
  number={3},
  pages={e0283242},
  year={2023},
  publisher={Public Library of Science}
}

@article{acl2020second,
  title={Second Anterior Cruciate Ligament Injuries After Anterior Cruciate Ligament Reconstruction in Professional Sumo Wrestlers: A Case Series},
  author={{Anonymous}},
  journal={American Journal of Sports Medicine},
  year={2020},
  note={PMC7036508}
}

@article{energy2024evaluation,
  title={Evaluation of Energy Balance Estimated From Total Energy Expenditure and Body Composition Changes in Junior Sumo Wrestlers: An Observational Study Over Six Months},
  author={{Anonymous}},
  journal={Journal of Sports Sciences},
  year={2024},
  note={PMC11200937}
}

@article{obesity2021comparative,
  title={Comparative evaluation of obesity-related parameters in junior sumo wrestlers and children with obesity},
  author={{Anonymous}},
  journal={Pediatric Obesity},
  year={2021},
  note={PMC8580583}
}

@article{ohca2018association,
  title={Association Between Professional Sumo Tournaments and Out-of-Hospital Cardiac Arrests in Tokyo},
  author={{Anonymous}},
  journal={Journal of the American Heart Association},
  volume={7},
  number={14},
  pages={e009163},
  year={2018}
}

% Economic and Game Theory Studies
@article{duggan2002winning,
  title={Winning isn't everything: Corruption in sumo wrestling},
  author={Duggan, Mark and Levitt, Steven D},
  journal={American Economic Review},
  volume={92},
  number={5},
  pages={1594--1605},
  year={2002}
}

@techreport{hawaii2019versatility,
  title={Versatility and Success in Professional Sumo Wrestling},
  author={{University of Hawaii Department of Economics}},
  institution={University of Hawaii},
  year={2019},
  type={Working Paper}
}

% Data Sources
@misc{sumoapi2024,
  title={Sumo-API: REST API for Professional Sumo Data},
  author={{Sumo-API}},
  year={2024},
  howpublished={\url{https://www.sumo-api.com}},
  note={Accessed: 2024-09-12}
}

@misc{sumodb2024,
  title={SumoDB: Sumo Reference Database},
  author={{SumoDB}},
  year={2024},
  howpublished={\url{https://sumodb.sumogames.de}},
  note={Accessed: 2024-09-12}
}

@misc{jsa2024official,
  title={Nihon Sumo Kyokai Official Website},
  author={{Japan Sumo Association}},
  year={2024},
  howpublished={\url{https://www.sumo.or.jp}},
  note={Accessed: 2024-09-12}
}

% Historical and Cultural References
@book{guttmann1994sumo,
  title={From Ritual to Record: The Nature of Modern Sports},
  author={Guttmann, Allen and Thompson, Lee},
  year={1994},
  publisher={Columbia University Press},
  chapter={Sumo Wrestling}
}

@article{west2005sumo,
  title={Sumo wrestling: Sport and tradition},
  author={West, Mark D},
  journal={Asian Survey},
  volume={45},
  number={3},
  pages={423--445},
  year={2005}
}

% Technique and Kimarite Studies
@inproceedings{pose2022kimarite,
  title={Pose-based Kimarite Classification in Professional Sumo},
  author={{Anonymous}},
  booktitle={Proceedings of the International Conference on Sport Technology},
  year={2022},
  organization={SciTePress}
}

@misc{nhk2024techniques,
  title={Techniques of Sumo},
  author={{NHK World}},
  year={2024},
  howpublished={\url{https://www3.nhk.or.jp/nhkworld/en/tv/sumo/techniques}},
  note={Accessed: 2024-09-12}
}

% Statistical Methods
@book{gelman2013bayesian,
  title={Bayesian Data Analysis},
  author={Gelman, Andrew and Carlin, John B and Stern, Hal S and Dunson, David B and Vehtari, Aki and Rubin, Donald B},
  year={2013},
  edition={3rd},
  publisher={CRC Press}
}

@article{hawkes1971spectra,
  title={Spectra of some self-exciting and mutually exciting point processes},
  author={Hawkes, Alan G},
  journal={Biometrika},
  volume={58},
  number={1},
  pages={83--90},
  year={1971}
}

% Rating Systems
@article{elo1978rating,
  title={The Rating of Chessplayers, Past and Present},
  author={Elo, Arpad E},
  year={1978},
  publisher={Arco Publishing}
}

@article{glickman1999parameter,
  title={Parameter estimation in large dynamic paired comparison experiments},
  author={Glickman, Mark E},
  journal={Journal of the Royal Statistical Society: Series C},
  volume={48},
  number={3},
  pages={377--394},
  year={1999}
}

% Policy and Rule Changes
@article{kosho2003abolition,
  title={The End of Injury Protection in Professional Sumo},
  author={{Japan Times Sports Desk}},
  journal={The Japan Times},
  year={2003},
  month={March}
}

@misc{foreign2010clarification,
  title={Foreign Wrestler Quota Clarification},
  author={{Japan Sumo Association}},
  year={2010},
  note={Official JSA announcement}
}

% Recent Tournament Coverage
@article{combat2025onosato,
  title={Grand Sumo Results: Onosato Takes Title, Becomes Newest Yokozuna},
  author={{Combat Press}},
  journal={Combat Press},
  year={2025},
  month={May}
}

@misc{wikipedia2024sumo,
  title={2024 in sumo},
  author={{Wikipedia contributors}},
  year={2024},
  howpublished={\url{https://en.wikipedia.org/wiki/2024_in_sumo}},
  note={Accessed: 2024-09-12}
}

@misc{wikipedia2025sumo,
  title={2025 in sumo},
  author={{Wikipedia contributors}},
  year={2025},
  howpublished={\url{https://en.wikipedia.org/wiki/2025_in_sumo}},
  note={Accessed: 2024-09-12}
}

% Recruitment and Stable System
@article{japantimes2024recruitment,
  author = {Kyodo News},
  title = {Sumo's popularity is booming. The recruitment of new pros is not.},
  journal = {The Japan Times},
  year = {2024},
  month = {March},
  day = {6},
  howpublished={\url{https://www.japantimes.co.jp/sports/2024/03/06/sumo/sumo-struggling-recruitment/}},
  note={Accessed: 2025-01-18}
}

@online{jasumo2024tsukedashi,
  author = {{JA Sumo}},
  title = {The Complete Guide to Makushita Tsukedashi},
  year = {2024},
  howpublished={\url{https://jasumo.com/the-complete-guide-to-makushita-tsukedashi-sumo-wrestlings-fast-track-to-professional-success/}},
  note={Accessed: 2025-01-18}
}

@article{diplomat2020mongolia,
  author = {Ryall, Julian},
  title = {Mongolia's Sumo Champions},
  journal = {The Diplomat},
  year = {2020},
  month = {August},
  howpublished={\url{https://thediplomat.com/2020/08/mongolias-sumo-champions/}},
  note={Accessed: 2025-01-18}
}

@online{tachiai2023reforms,
  author = {{Tachiai}},
  title = {Sumo World Reforms Announced},
  year = {2023},
  month = {September},
  howpublished={\url{https://tachiai.org/2023/09/28/sumo-world-reforms-announced/}},
  note={Accessed: 2025-01-18}
}